@article{Kermack,
author = {W. Kermack and A. McKendrick},
year = {1927},
title = {Mathematical Theory of Epidemics},
publisher = {The Royal Society},
url = {https://doi.org/10.1098/rspa.1927.0118}
}

@article{Peter_Turchin,
author = {Peter Turchin},
year = {2003},
title = {Comples Population Dynamics},
publisher = {Princeton University Press},
url = {https://polydora.github.io/General-ecology/Literature//Turchin%202003%20Complex%20Population%20Dynamics_%20A%20Theoretical_Empirical%20Synthesis.pdf}
}

@article{Satoru_Yamamoto,
author = {Satoru Yamamoto},
year = {2018},
title = {Introduction to Mathematical Modeling and Computation},
publisher = {Tohoku University},
url = {https://www.researchgate.net/publication/295290766_Introduction_to_Mathematical_Modeling_and_Computation}
}

@article{R.N.Zadoks,
author = {R.N.Zadoks et al},
year = {2001},
title = {Analysis of an Outbreak of Streptococcus uberis Mastitis},
publisher = {American Dairy Science Association},
url = {https://www.sciencedirect.com/science/article/pii/S0022030201745122}
}

@article{DeJorg,
author = {De Jorg et al},
year = {2002},
title = {Modeling and Real-Time Prediction of Classical Swine Fever Epidemics},
publisher = {International Biometric Society},
url = {https://www.jstor.org/stable/3068304}
}